@inproceedings{msallam1997physical,
  title={Physical model of the trombone including non-linear propagation effects},
  author={Msallam, R. and Dequidt, S. and Tassart, S. and Causse, R.},
  booktitle={ISMA: International Symposium of Music Acoustics},
  year={1997}
}

@book{bilbao2009,
    author={S. Bilbao},
    year={2009},
    title={Numerical Sound Synthesis},
    address={United Kingdom},
    publisher={John Wiley \& Sons}
}

@article{Webster19,
 author               = {A. Webster},
 journal              = {Proceedings of the National Academy of Sciences of the United States of America},
 number               = {7},
 pages                = {275--282},
 title                = {Acoustical Impedance, and the Theory of Horns and of the Phonograph},
 volume               = {5},
 year                 = {1919},
 }
 
@inproceedings{bilbao2009dafx,
author = {S. Bilbao},
booktitle = {Proc. of the 12th Int. Conference on Digital Audio Effects (DAFx)},
title = {A modular percussion synthesis environment},
year = {2009}
}

@book{cook2002real,
  title={Real sound synthesis for interactive applications},
  author={Cook, P. R},
  year={2002},
  publisher={CRC Press}
}

@article{harrison2015environment,
  title={An environment for physical modeling of articulated brass instruments},
  author={Harrison, R. L. and Bilbao, S. and Perry, J. and Wishart, T.},
  journal={Computer Music Journal},
  volume={39},
  number={4},
  pages={80--95},
  year={2015},
  publisher={MIT Press}
}

@article{Ducceschi2021,
    author = {M. Ducceschi and S. Bilbao and S. Willemsen and S. Serafin},
    journal = {Journal of the Acoustical Society of America (JASA)},
    title = {Linearly-Implicit Schemes for Collisions in Musical Acoustics based on Energy Quadratisation},
    year = {2021},
    volume = {149},
    issue = {5},
    pages = {3502--3516}

}


@article{campbell2004brass,
  title={Brass instruments as we know them today},
  author={Campbell, M.},
  journal={Acta Acustica united with Acustica},
  volume={90},
  number={4},
  pages={600--610},
  year={2004},
  publisher={S. Hirzel Verlag}
}

@article{msallam2000physical,
  title={Physical model of the trombone including nonlinear effects. {A}pplication to the sound synthesis of loud tones},
  author={Msallam, R. and Dequidt, S. and Causse, R. and Tassart, S.},
  journal={Acta Acustica united with Acustica},
  volume={86},
  number={4},
  pages={725--736},
  year={2000},
  publisher={S. Hirzel Verlag}
}


@article{Benade1968,
	Author = {A. H. Benade},
	Title = {On the propagation of sound waves in a cylindrical conduit},
	Journal = {Journal of the Acoustical Society of America},
	Volume = 44,
	Number = 2,
	Year = 1968,
	Pages = {616--623}
}

@article{Bilbao2013,
	Author = {S. Bilbao and J. Chick},
	Title = {Finite Difference Time Domain Simulation for the Brass Instrument Bore},
	Journal = {J. Acoust. Soc. Am.},
	Volume = 134,
	Number = 6,
	Year = 2013,
	Pages = {3860-3871}
}
@article{Hirschberg96,
 author               = {A. Hirschberg and J. Gilbert and R. Msallam and A. Wijnands},
 journal              = {J. Acoust. Soc. Am.},
 number               = {3},
 pages                = {1754--1758},
 title                = {Shock Waves in Trombones},
 volume               = {99},
 year                 = {1996},
 }
 
@article{Bilbao2016,
	Author = {S. Bilbao and R. Harrison},
	Title = {Passive Time-domain Numerical Models of Viscothermal Wave Propagation in Acoustic Tubes of Variable Cross Section},
	Journal = {J. Acoust. Soc. Am.},
	Volume = 140,
	Year = 2016,
	Pages = {728-740}
}


@article{Smyth2011,
	Author = {T. Smyth and F. S. Scott},
	Title = {Trombone Synthesis by Model and Measurement},
	Journal = {EURASIP Journal on Advances in Signal Processing},
	Year = 2011
}
 On the radiation of sound from an unflanged circular pipe. Physical Review, 73(4):383â€“406, 1948.

@article{Levine1948,
	Author = {H. Levine and J. Schwinger},
	Title = {On the radiation of sound from an unflanged circular pipe},
	Journal = {Physical Review},
	Volume = {73},
	Number = {2},
	Pages = {383--406},
	Year = {1948}
}

@article{Silva2009,
	Author = {F. Silva and P. Guillemain and J. Kergomard and B. Mallaroni and A. Norris},
	Title = {Approximation formulae for the acoustic radiation impedance of a cylindrical pipe},
	Journal = {Journal of Sound and Vibration},
	Volume = {322},
	Pages = {255--263},
	Year = {2009}
}

@phdthesis{Harrison2018,
    author = {R. L. Harrison-Harsley},
    title = {Physical Modelling of Brass Instruments using Finite-Difference Time-Domain Methods},
    school = {University of Edinburgh},
    year = {2018}
}

@article{Harrison2016,
author = {Bilbao, S. and Harrison, R. L.},
title = {Passive time-domain numerical models of viscothermal wave propagation in acoustic tubes of variable cross section},
journal = {The Journal of the Acoustical Society of America},
volume = {140}, 
pages = {728--740},
year = {2016}
}

@inproceedings{Willemsen2021,
  author          = {S. Willemsen and S. Bilbao and M. Ducceschi and S. Serafin},
  title           = {Dynamic Grids for Finite-Difference Schemes in Musical Instrument Simulations},
  booktitle       = {Proc. of the 23rd Int. Conf. on Digital Audio Effects (DAFx)},
  year  = {2021}
}