@online{sensel2018,
  author = {{Sensel Inc.}},
  title = {Sensel Morph},
  year = {2018},
  url = {https://sensel.com/}
}

@online{sitarTuning,
  author = {{Joe Rizzo}},
  title = {How to Tune a Sitar},
  year = {2015},
  url = {http://www.joerizzo.com/sitar/}
}
