% -----------------------------------------------------------------------
% File: smc2016template.bib
% -----------------------------------------------------------------------
% separate each line item with space, otherwise the reference will not be hyperlinked
% put the keyword "and" between authors to separate them.
@article{villeneuve2019mass,
  title={MASS-INTERACTION PHYSICAL MODELS FOR SOUND AND MULTI-SENSORY CREATION: STARTING ANEW},
  author={Villeneuve, Jerome and Leonard, James},
    journal ={Proc. Int. Conf. Sound and Music Computing},
  year={2019}
}

@article{pai2005multisensory,
  title={Multisensory interaction: Real and virtual},
  author={Pai, Dinesh K},
  journal={Robotics Research. The Eleventh International Symposium},
  pages={489--498},
  year={2005},
  organization={Springer}
}

@article{sinclair2009audio,
  title={Audio-Haptic Interaction with the Digital Waveguide Bowed String},
  author={Sinclair, Stephen and Scavone, Gary P and Wanderley, Marcelo M},
  journal={ICMC},
  year={2009}
}
@article{avanzini2004physical,
  title={Physical modeling of impacts: theory and experiments on contact time and spectral centroid},
  author={Avanzini, Federico and Rocchesso, Davide},
  journal={Proc. Int. Conf. Sound and Music Computing},
  pages={287--293},
  year={2004}
}

@article{askenfelt1992vibration,
  title={On vibration sensation and finger touch in stringed instrument playing},
  author={Askenfelt, Anders and Jansson, Erik V},
  journal={Music Perception: An Interdisciplinary Journal},
  volume={9},
  number={3},
  pages={311--349},
  year={1992},
  publisher={University of California Press Journals}
}

@article{florens1990modeles,
  title={Mod{\`e}les et simulation en temps r{\'e}el de corde frott{\'e}e},
  author={Florens, J-L and Cadoz, Claude},
  journal={Le Journal de Physique Colloques},
  volume={51},
  number={C2},
  pages={C2-873--C2-876},
  year={1990},
  publisher={EDP Sciences}
}

@article{luciani2005action,
  title={From action to sound: a challenging perspective for haptics},
  author={Luciani, Annie and Florens, J-L and Castagn{\'e}, Nicolas},
  booktitle={First Joint Eurohaptics Conference and Symposium on Haptic Interfaces for Virtual Environment and Teleoperator Systems. World Haptics Conference},
  pages={592--595},
  year={2005},
  organization={IEEE}
}

@article{nichols2002vbow,
  title={The vBow: development of a virtual violin bow haptic human-computer interface},
  author={Nichols, Charles},
  booktitle={Proceedings of the International Oonference on New interfaces for musical expression (NIME)},
  pages={1--4},
  year={2002}
}
@phdthesis{o2001playing,
  title={Playing by feel: incorporating haptic feedback into computer-based musical instruments},
  author={O'Modhrain, Maura Sile},
  year={2001},
  school={Stanford University}
}

@article{danieau2012enhancing,
  title={Enhancing audiovisual experience with haptic feedback: a survey on HAV},
  author={Danieau, Fabien and L{\'e}cuyer, Anatole and Guillotel, Philippe and Fleureau, Julien and Mollet, Nicolas and Christie, Marc},
  journal={IEEE transactions on haptics},
  volume={6},
  number={2},
  pages={193--205},
  year={2012},
  publisher={IEEE}
}

@inproceedings{Someone:00 ,
  author = {A. Someone and B. Someone and C. Someone},
  title = {The title of the conf. paper},
  booktitle = {Proc. Int. Conf. Sound and Music Computing},
  pages={213--218},
  address={Porto},
  year = {2009}
}


@inproceedings{Someone:09 ,
  author = {A. Someone and B. Someone and C. Someone},
  title = {The title of the journal paper},
  booktitle = {J. New Music Research},
  pages = {111--222},
  year = {2008}
}

@book{Someone:04 ,
  author = {X. Someone and Y. Someone},
  title = {The Title of the Book},
  publisher = { Springer-Verlag },
  year = {2010}
}

@article{Luciani2009,
author = {Luciani, Annie and Florens, Jean-Loup and Couroussé, Damien and Castet, Julien},
year = {2009},
pages = {309-323},
title = {Ergotic Sounds: A New Way to Improve Playability, Believability and Presence of Virtual Musical Instruments},
volume = {38},
journal = {Journal of New Music Research},
doi = {10.1080/09298210903359187}
}

@article{Stowell2009,
author = {Stowell, Dan and Robertson, Andrew and Bryan-Kinns, Nick and Plumbley, Mark},
year = {2009},
pages = {960-975},
title = {Evaluation of live human–computer music-making: Quantitative and qualitative approaches},
volume = {67},
journal = {International Journal of Human-Computer Studies},
doi = {10.1016/j.ijhcs.2009.05.007}
}

@book{Someren1994,
author = {Someren, Maarten and Barnard, Yvonne and Sandberg, Jacobijn},
year = {1994},
title = {The Think Aloud Method - A Practical Guide to Modelling Cognitive Processes},
publisher = {Academic Press},
address = {London}
}

@article{Young2003,
author = {Young, Diana and Serafin, Stefania},
year = {2003},
pages = {104--108},
title = {Playability Evaluation of a Virtual Bowed String Instrument},
journal = {Proceedings of the International Conference on New Interfaces for Musical Expression (NIME)}
}

@article{Finstad2010,
author = {Finstad, Kraig},
year = {2010},
pages = {323-327},
title = {The Usability Metric for User Experience},
volume = {22},
journal = {Interacting with Computers},
doi = {10.1016/j.intcom.2010.04.004}
}

@book{encyclopaedia2020,
author = {{The Editors of Encyclopædia Britannica}},
title = {Encyclopædia Britannica},
publisher = {Encyclopædia Britannica, Inc.},
year = {2020}
}

@unpublished{unity,
    author    = "{Unity Technologies}",
    title     = "{Unity Real-Time Development Platform | 3D, 2D VR \& AR Visualizations}",
    note = {Available at \href{https://unity.com/}{https://unity.com/}},
	year = {accessed February 10, 2020}}
}


@article{passalenti2019a,
author = {Passalenti, Andrea and Paisa, Razvan and Nilsson, Niels and Andersson, Nikolaj and Fontana, Federico and Nordahl, Rolf and Serafin, Stefania},
year = {2019},
pages = {1116-1117},
title = {No Strings Attached: Force and Vibrotactile Feedback in a Virtual Guitar Simulation},
journal = {{IEEE} Conference on Virtual Reality and 3D User Interfaces ({VR})},
doi = {10.1109/VR.2019.8798168}
}

@article{passalenti2019b,
author = {Passalenti, Andrea and Paisa, Razvan and Nilsson, Niels and Andersson, Nikolaj and Fontana, Federico and Nordahl, Rolf and Serafin, Stefania},
year = {2019},
title = {No Strings Attached: Force and Vibrotactile Feedback in a Guitar Simulation},
journal = {Proc. Int. Conf. Sound and Music Computing},
}

@article{avanzini2006,
author = {Avanzini, Federico and Crosato, Paolo},
year = {2006},
pages = {24-35},
title = {Haptic-Auditory Rendering and Perception of Contact Stiffness},
volume = {4129},
journal = {Lecture Notes in Computer Science},
doi = {10.1007/11821731_3}
}

@article{Fontana2020,
author = {Fontana, Federico and Paisa, Razvan and Ranon, Roberto and Serafin, Stefania},
title = {Multisensory Plucked Instrument Modeling in {Unity3D}: From Keytar to Accurate String Prototyping},
year = {2020}, 
volume = {10},
journal = {Applied Sciences},
doi = {https://doi.org/10.3390/app10041452}
}

@unpublished{phantom,
    author    = "{3D Systems, Inc}",
    title     = "{3D Systems Touch Haptic Device}",
    note = {Available at \href{https://www.3dsystems.com/haptics-devices/touch}{https://www.3dsystems.com/haptics-devices/touch}},
	year = {accessed February 12, 2020}}
}

@article{Willemsen2020,
title = {Real-time Implementation of a Physical Model of the Tromba Marina},
author = {Willemsen, Silvin and Serafin, Stefania and Bilbao, Stefan and Ducceschi, Michele},
journal = {submitted to the 17th Sound and Music Computing (SMC) Conference},
year = {2020}
}

@article{Baldwin2016,
author = {Baldwin, Alex and Hammer, Troels and Peciulis, Edvinas and Williams, Peter and Overholt, Dan and Serafin, Stefania},
journal = {Proceedings of the International Conference on New Interfaces for Musical Expression (NIME)},
title = {Tromba moderna: A digitally augmented medieval instrument},
volume = {16},
pages = {14--19},
year = {2016}
}

@unpublished{OmniAPI2018,
author = {{3D Systems Inc.}},
title = {OpenHaptics Unity Plugin User Guide (Toolkit Version 3.5.0)},
note = {Available at \href{http://s3.amazonaws.com/dl.3dsystems.com/binaries/Sensable/OH/3.5/OpenHaptics_Toolkit_ProgrammersGuide.pdf}{http://s3.amazonaws.com/dl.3dsystems.com/binaries/\allowbreak Sensable/OH/3.5/OpenHaptics\_Toolkit\_ProgrammersGuide\allowbreak .pdf}},
year = {2018}
}

@article{Sinclair2012,
author = {Sinclair, Stephen and Scavone, Gary and Wanderley, Marcelo},
year = {2012},
title = {Audio-Haptic Interaction with the Digital Waveguide Bowed String},
journal = {Proceedings of the 2009 International Computer Music Conference, ICMC 2009}
}

@article{Barbosa2015,
author = {Barbosa, Jeronimo and Malloch, Joseph and Wanderley, Marcelo and Huot, Stéphane},
year = {2015},
journal = {Proceedings of the International Conference on New Interfaces for Musical Expression (NIME)},
title = {What does ``Evaluation" mean for the {NIME} community?}
}

@book{Card1983,
author = {Card, Stuart K. and Newell, Allen and Moran, Thomas P.},
title = {The  Psychology of Human-Computer Interaction},
year = {1983},
isbn = {0898592437},
publisher = {Lawrence Erlbaum Associates Publishers},
address = {New Jersey}
}

@ARTICLE{Serafin2016,
  author = {Serafin, Stefania and Erkut, Cumhur and Kojs, Juraj and Nilsson, Niels and  and Nordahl, Rolf},
  title = {Virtual Reality Musical Instruments: State of the Art, Design Principles, and Future Directions},
  journal = {Computer Music Journal},
  year = {2016},
  url = {http://www.mitpressjournals.org/doi/pdfplus/10.1162/COMJ_a_00372}
}

@article{Wessel2002,
title = {Problems and Prospects for Intimate Musical Control of Computers},
author = {Wessel, David and Wright, Matthew},
journal = {Computer Music Journal},
year = {2002}
}

@unpublished{Oculus2020,
    author    = "{Facebook Technologies, LLC}",
    title     = "{Oculus Rift: VR Headset for VR-ready PCs | Oculus}",
    note = {Available at \href{https://www.oculus.com/rift/}{https://www.oculus.com/rift/}},
	year = {accessed March 6, 2020}}
}

@unpublished{Trombavideo2020,
    author    = "{Razvan P}",
    title     = "{Resurrecting the Tromba Marina}",
    note = {Available at \href{https://www.youtube.com/watch?v=SlHqvaaPCyU}{https://www.youtube.com/watch?v=SlHqvaaPCyU}},
	year = {accessed March 6, 2020}}
}