@book{bilbao2009,
author={S. Bilbao},
year={2009},
title={Numerical Sound Synthesis},
address={United Kingdom},
publisher={John Wiley \& Sons}
}

@book{Strikwerda1989,
author={J. Strikwerda},
year={1989},
title={Finite Difference Schemes and Partial Differential Equations},
address={Pacific Grove, California},
publisher={Wadsworth \& Brooks/Cole Advanced Books \& Software}
}

@inproceedings{Willemsen2019,
author = {S. Willemsen and N. Andersson and S. Serafin and S. Bilbao},
booktitle = {Proc. of the 16th Sound and Music Computing Conference},
title = {Real-Time Control of Large-Scale Modular Physical Models using the Sensel Morph},
Pages = {275--280},
year = {2019}
}

@inproceedings{Willemsen2017,
author = {S. Willemsen and S. Serafin and J. R. Jensen},
booktitle = {Proc. of the 14th Sound and Music Computing Conference},
title = {Virtual Analog Simulation and Extensions of Plate Reverberation},
Pages = {314--319},
year = {2017}
}

@inproceedings{Willemsen2021,
  author          = {S. Willemsen and S. Bilbao and M. Ducceschi and S. Serafin},
  title           = {A Physical Model of the Trombone using Dynamic Grids for Finite-Difference Schemes},
  booktitle       = {Proc. of the 23rd Int. Conf. on Digital Audio Effects (DAFx)},
  year  = {2021}
}

@article{Smith1992,
  title={Physical modeling using digital waveguides},
  author={Smith, J.O.},
  journal={Computer Music Journal},
  volume={16},
  number={4},
  pages={74--91},
  year={1992}
}

@inproceedings{Mehes2016,
    author = {Mehes, S. and van Walstijn, M. and Stapleton, P.},
    booktitle = {Proceedings of the 13th Sound and Music Computing Conference (SMC)},
    title = {Towards a virtual-acoustic string instrument},
    year = {2016}
    }

    
@inproceedings{Michon2014,
    author = {Michon, R. and Smith, J.O.},
    booktitle = {{Proceedings ICMC|SMC|2014}},
    title = {A Hybrid Guitar Physical Model Controller: The {BladeAxe}},
    year = {2014}
    }   
    
@inproceedings{Borin1989,
    author = {Borin, G. and De Poli, G. and Sarti, A.},
    booktitle = {Proceedings of the International Computer Music Conference},
    title = {A modular approach to excitator-resonator interaction in physical models syntheses},
    year = {1989}
    }
    
@inproceedings{bilbao2009Dafx,
author = {S. Bilbao},
booktitle = {Proc. of the 12th Int. Conference on Digital Audio Effects (DAFx)},
title = {A modular percussion synthesis environment},
year = {2009}
}

@book{Zwicker1990, 
	author = {E. Zwicker and H. Fastl},
	title = {Psychoacoustics: Facts and Models}, 
	publisher = {Springer-Verlag},
	address = {Berlin-Heidelberg, Germany}, 
	year = {1990}
}

@article{morrison1993mosaic,
  title={Mosaic: A framework for modal synthesis},
  author={Morrison, J. D. and Adrien, J.-M.},
  journal={Computer Music Journal},
  volume={17},
  number={1},
  pages={45--56},
  year={1993}}
  
  @article{Carrier1945,
    title={On the non-linear vibration problem of the elastic string},
      author={Carrier, G. F.},
      journal={Quarterly of Applied Mathematics},
      volume={3},
      pages={157--165},
      year={1945}
      }
      