%examples of reference to a book
@book{Bilbao2009,
	 Author = {S. Bilbao},
	 Title = {Numerical Sound Synthesis},
	 Publisher = {J. Wiley {\&} Sons},
	 Year = {2009}
 }

@article{Hiller,
 author               = {L. Hiller and P. Ruiz},
 journal              = {Journal of the Audio Engineering Society},
 number               = {6},
 pages                = {462--470},
 title                = {Synthesizing Musical Sounds by Solving the Wave Equation for Vibrating Objects: {P}art {I}},
 volume               = {19},
 year                 = {1971},
 }

@article{Hiller2,
 author               = {L. Hiller and P. Ruiz},
 journal              = {Journal of the Audio Engineering Society},
 number               = {7},
 pages                = {542--550},
 title                = {Synthesizing Musical Sounds by Solving the Wave Equation for Vibrating Objects: {P}art {II}},
 volume               = {19},
 year                 = {1971},
 }
 
 @article{Chaigne,
 author               = {A. Chaigne and A. Askenfelt},
 journal              = {JASA},
 number               = {2},
 pages                = {1112--1118},
 title                = {Numerical Simulations of Struck Strings. {I}. A Physical Model for a Struck String Using Finite Difference Methods},
 volume               = {95},
 year                 = {1994},
 }
 
 @article{Dupont2002,
author = {Dupont, P. and Hayward, V. and Armstrong, B. and Altpeter, F.},
journal = {IEEE Transactions on Automatic Control},
number = {5},
pages = {787--792},
title = {Single State Elastoplastic Friction Models},
volume = {47},
year = {2002}
}

@article{Florens1986,
author = {Florens, J.-L. and Razafindrakoto, A. and Luciani, A. and Cadoz, C.},
journal = {ICMC 86},
pages = {65--70},
title = {Optimized real time simulation of objects for musical synthesis and animated Image synthesis},
year = {1986}
}


@article{Reynolds1886,
author = {Reynolds, O.},
volume = {177},
pages = {157--234},
title = {On the theory of lubrication and its application to mr. beauchamp tower's experiments, including an experimental determination of the viscosity of olive oil},
journal = {Phil. Trans. Royal Soc.},
year = {1886}
}

@article{Morin1833,
author = {Morin, A.J.},
volume = {4},
pages = {1--128},
title = {New friction experiments carried out at metz in 1831-1833},
journal = {Proc. of the French Royal Academy of Sciences},
year = {1833}
}

@article{Stribeck1902,
author = {Stribeck, R.},
volume = {46},
number = {38, 39},
pages = {1342--48, 1432--37},
title = {Die wesentlichen Eigenschaften der Gleit- und Rollenlager -- {The} key qualities of sliding and roller bearings},
journal = {Zeitschrift des Vereines Deutscher Ingenieure},
year = {1902}
}

@article{Smith1986,
author = {Smith, J.O.},
journal = {ICMC 86},
title = {Efficient simulation of the reed bore and bow string mechanics},
pages = {275--280},
year = {1986}
}

@article{Willemsen2019,
author = {Willemsen, S. and Andersson, N. and Serafin, S. and Bilbao, S.},
journal = {Proc. of the 16th Sound and Music Computing Conference},
title = {Real-Time Control of Large-Scale Modular Physical Models using the Sensel Morph},
pages = {275--280},
year = {2019}
}

@incollection{Bilbao2018,
author = {Bilbao, S. and Hamilton, B and. Harrison, R. and Torin, A.},
booktitle = {Springer Handbook of Systematic Musicology},
chapter = {19},
pages = {349--384},
title = {Finite-Difference Schemes in Musical Acoustics: A Tutorial},
publisher = {Springer},
year = {2018}
}

@phdthesis{Desvages2017,
	Author = {Desvages, C. G. M.},
	School = {The University of Edinburgh},
	Title = {Physical Modelling of the Bowed String and Applications to Sound Synthesis},
	Year = {2017}}

@article{Smith2000,
author = {Smith, J.H. and Woodhouse, J.},
pages = {1633--1681},
title = {The tribology of rosin},
volume = {48},
journal = {Journal of the Mechanics and Physics of Solids},
year = {2000}
}

@article{McIntyre1983,
author = {McIntyre, M.E. and Schumacher, R.T. and Woodhouse, J.},
title = {On the Oscillations of Musical Instruments},
volume = {74},
number = {5},
pages = {1325--1345},
journal = {Journal of the Acoustical Society of America},
year = {1983}
}


@article{Woodhouse2003,
author = {Woodhouse, J.},
title = {Bowed String Simulation Using a Thermal Friction Model},
journal= {Acta Acustica united with Acustica},
volume = {89},
pages = {355--368},
year = {2003}
}

@article{Serafin2003,
author = {Serafin, S. and Avanzini, F. and Rocchesso, D.},
journal = {SMAC 03},
pages = {95--98},
title = {BOWED STRING SIMULATION USING AN ELASTO-PLASTIC FRICTION MODEL},
year = {2003}
}

@article{Avanzini2005,
author = {Avanzini, F. and Serafin, S. and Rocchesso, D.},
journal = {IEEE Transactions on Speech and Audio Processing},
number = {5},
pages = {1073--1080},
title = {Interactive simulation of rigid body interaction with friction-induced sound generation},
volume = {13},
year = {2005}
}

@article{Smith1992,
  title={Physical modeling using digital waveguides},
  author={Smith, J.O.},
  journal={Computer Music Journal},
  volume={16},
  number={4},
  pages={74--91},
  year={1992}
}

@article{Morrison1993,
  title={Mosaic: A framework for modal synthesis},
  author={Morrison, J.D. and Adrien, J.-M.},
  journal={Computer Music Journal},
  volume={17},
  number={1},
  pages={45--56},
  year={1993}
}

@article{Maestre2014,
author = {Maestre, E. and Spa, C. and Smith, J.O.},
pages = {1305--1311},
title = {A BOWED STRING PHYSICAL MODEL INCLUDING FINITE-WIDTH THERMAL FRICTION AND HAIR DYNAMICS},
journal = {Proceedings ICMC$|$SMC$|$2014},
year = {2014}
}

@book{Coulomb,
author = {Gillmor, C.S.},
title = {Charles Augustin Coulomb: Physics and Engineering in Eighteen century {France}},
publisher = {Princeton, N.J.},
year = {1971}
}

%example of reference to a web page
@unpublished{Sensel2019,
	Author = {Sensel Inc.},
	Title = {{Sensel Morph}}, 
	note = {Available at \href{https://sensel.com/}{https://sensel\allowbreak .com/\allowbreak}},
	Year = {accessed April 01, 2019}}
	
	@unpublished{JUCE,
	Author = {JUCE ROLI},
	Title = {{JUCE}}, 
	note = {Available at \href{https://juce.com/}{https://juce\allowbreak .com/\allowbreak}},
	Year = {accessed April 04, 2019}}

@unpublished{video,
  author = {Willemsen, S.},
  title = {{Elasto-Plastic Bow Model acting on a Finite-Difference Stiff String}},
  year = {accessed April 06, 2019},
  note = {Available at \href{https://www.youtube.com/watch?v=-5bDebCW1Qg}{https://www.youtube.com/\allowbreak watch?v=-5bDebCW1Qg}}
}

@phdthesis{Serafin2004,
    author = {Serafin, S.},
    title = {The Sound of Friction: Real-time Models, Playability and Musical Applications},
    school = {CCRMA},
    year = {2004}
}

@article{Desvages2015,
author = {Desvages, C. and Bilbao, S.},
journal = {Proceedings of the International Conference on Digital Audio Effects},
title = {Two-polarisation finite difference model of bowed strings with nonlinear contact and friction forces},
year = {2015}
}

@article{Astrom2008,
author = {\r{A}str\"om, K. J. and Canudas de Wit, C.},
journal = {IEEE Control Systems Magazine},
title = {Revisiting the LuGre friction model},
year = {2008},
pages = {101--114},
volume = {28},
number = {6}
}
@article{Canudas1993,
author = {Canudas de Wit, C. and Olsson, H. and \r{A}str\"om, K. J. and Lischinsky, P.},
journal = {Proceedings of the 1993 American Control Conference},
title = {Dynamic friction models and control design},
year = {1993},
pages = {1920--1926}
}

@article{Canudas1995,
author = {Canudas de Wit, C. and Olsson, H. and \r{A}str\"om, K. J. and Lischinsky, P.},
journal = {IEEE Transactions on Automatic Control},
title = {A new model for control of systems with friction},
year = {1995},
pages = {419--425},
volume = {40},
number = {3}
}