% -----------------------------------------------------------------------
% File: smc2016template.bib
% -----------------------------------------------------------------------
% separate each line item with space, otherwise the reference will not be hyperlinked
% put the keyword "and" between authors to separate them.


@book{bilbao2009numerical, 
    title={Numerical sound synthesis: finite difference schemes and simulation in musical acoustics}, author={Bilbao, Stefan}, 
    year={2009}, 
    publisher={John Wiley \& Sons}
}

@book{Fletcher1998,
  title={The Physics of Musical Instruments},
  author={Fletcher, Neville H. and Rossing, Thomas D.},
  year={1998},
  publisher={Springer}
}

@article{Barnett1972,
 author = "Barnett, Kathryn",
 title = "{A theoretical construct of the concepts of touch as they relate to nursing}",
 journal = "Nursing Research",
 volume = "21",
 number = "",
 month = "",
 year = "1972",
 pages = "102--110",
 doi = "",
}

@article{Blatow2007,
 author = "Maria Blatow and Ernst Nennig and Anita Durst and Klaus Sartor and Christoph Stippich",
 title = "{fMRI reflects functional connectivity of human somatosensory cortex}",
 journal = "Neuroimage",
 volume = "37",
 number = "",
 month = "",
 year = "2007",
 pages = "927--936",
 doi = "",
}

@article{Narici1999,
 author = "Narici, L. and Modena, I. and Opsomer, R. J. and Pizzella, V. and Romani, G. L. and Torrioli, G and Traversa, R. and Rossini, P.M. ",
 title = "{Neuromagnetic somatosensory homunculus: A non-invasive approach in humans}",
 journal = "Neuroscience Letters",
 volume = "121",
 number = "",
 month = "",
 year = "1999",
 pages = "51--54",
 doi = "",
}

@article{Manzoni1986,
    author =       "Manzoni, T. and Conti, F. and Fabri, M. ",
    title =        "{Callosal projections from area SII to SI in monkeys: Anatomical organization and comparison with association projections}",
    journal =      "Journal of Comparative Neurology",
    volume =       "252",
    number =       "",
    pages =        "245--263",
    year =         "1986",
    DOI =          ""
}

@article{Eickhoff2005,
    author =       "Eickhoff, S. B. and Schleicher, A. and Zilles, K. and Amunts, K. ",
    title =        "{The human parietal operculum. I. Cytoarchitectonic mapping of subdivisions}",
    journal =      "Cerebral cortex",
    volume =       "16",
    number =       "2",
    pages =        "254--267",
    year =         "2005",
    DOI =          ""
}

@article{Saito2007,
    author =       "Saito, D. N. and Okada, T. and Honda, M. and Yonekura, Y. and Sadato, N.  ",
    title =        "{Practice makes perfect: The neural substrates of tactile discrimination by Mah-Jong experts include the primary visual cortex}",
    journal =      "BMC Neuroscience",
    volume =       "7",
    number =       "79",
    pages =        "",
    year =         "2007",
    DOI =          ""
}

@book{Edelman1989,
  title={The remembered present: a biological theory of consciousness},
  author={Edelman, Gerald M. },
  year={1989},
  publisher={Basic Books}
}

@article{Bodegard2001,
    author =       "Bodegard, A. and Geyer, S. and Grefkes, C. and Zilles, K. and Roland, P.E. ",
    title =        "{Hierarchical processing of tactile shape in the human brain}",
    journal =      "Neuron",
    volume =       "31",
    number =       "",
    pages =        "317--328",
    year =         "2001",
    DOI =          ""
}

@book{Penfield1950,
  title={The cerebral cortex of man: A clinical study of localization of function},
  author={Penfield, W. and Rasmussen, T. L.  },
  year={1950},
  address ={London},
  publisher={Macmillan}
}

@book{Gallace2010,
  title={Touch and the body: The role of the somatosensory cortex in tactile awareness},
  author={Gallace, A. and Spence, C.},
  year={2010},
  publisher={Psyche: An Interdisciplinary Journal of Research on Consciousness}
}

@article{Gallace2012,
    author =       "Gallace, A. and Ngo, M. K. and Sulaitis, J. and Spence, C.",
    title =        "{Multisensory presence in virtual reality: possibilities \& limitations}",
    journal =      "Multiple sensorial media advances and applications: New developments in MulSeMedia",
    pages =        "1--38",
    year =         "2012",
    DOI =          ""
}

@article{Pavani2000,
    author =       "Pavani, F. and Spence, C. and Driver, J. ",
    title =        "{Visual capture of touch: Out-of-the-body experiences with rubber gloves}",
    journal =      "Psychological Science",
    volume =       "11",
    number =       "",
    pages =        "353--359",
    year =         "2000",
    DOI =          ""
}

@article{Schaefer2006,
    author =       "Schaefer, M. and Flor, H. and Heinze, H. J. and Rotte, M.  ",
    title =        "{Dynamic modulation of the primary somatosensory cortex during seeing and feeling a touched hand}",
    journal =      "Neuroimage",
    volume =       "29",
    number =       "",
    pages =        "587--592",
    year =         "2006",
    DOI =          ""
}

@article{Cronbach1951,
    author =       "Cronbach, L.J. ",
    title =        "{Coefficient alpha and the internal structure of tests}",
    journal =      "Psychometrika",
    volume =       "16",
    number =       "3",
    pages =        "297â€“-334",
    year =         "1951",
    DOI =          ""
}

@book{Kline2000,
  title={The handbook of psychological testing (2nd ed.)},
  author={Kline, P. },
  year={2000},
  address ={London},
  publisher={Routledge}
}

@book{Kirk2007,
  title={Statistics: an introduction},
  author={Kirk, R.},
  year={2007},
  publisher={Nelson Education}
}

@unpublished{northwebsite,
    author    = "{North Inc}",
    title     = "{How does the Myo armband work?}",
    note = {Available at \href{https://support.getmyo.com/hc/en-us/articles/202532376-How-does-the-Myo-armband-work-}{https://support.getmyo.com/hc/en-us/articles/\allowbreak 202532376-How-does-the-Myo-armband-work-}},
	year = {accessed November 4, 2019}}
}

@unpublished{leapwebsite,
    author    = "{UltraLeap Ltd}",
    title     = "{Leap Motion}",
    note = {Available at \href{https://www.leapmotion.com/}{https://www.leapmotion.com/}},
	year = {accessed November 4, 2019}}
}

@unpublished{unity,
    author    = "{Unity Technologies}",
    title     = "{Unity Real-Time Development Platform | 3D, 2D VR \& AR Visualizations}",
    note = {Available at \href{https://unity.com/}{https://unity.com/}},
	year = {accessed November 4, 2019}}
}


@unpublished{phantom,
    author    = "{3D Systems, Inc}",
    title     = "{3D Systems Touch Haptic Device}",
    note = {Available at \href{https://www.3dsystems.com/haptics-devices/touch}{https://www.3dsystems.com/haptics-devices/touch}},
	year = {accessed November 4, 2019}}
}

@article{passalenti2019,
author = {Passalenti, Andrea and Paisa, Razvan and Nilsson, Niels and Andersson, Nikolaj and Fontana, Federico and Nordahl, Rolf and Serafin, Stefania},
year = {2019},
pages = {1116-1117},
title = {No Strings Attached: Force and Vibrotactile Feedback in a Virtual Guitar Simulation},
journal = {{IEEE} Conference on Virtual Reality and 3D User Interfaces ({VR})},
doi = {10.1109/VR.2019.8798168}
}

@article{avanzini2006,
author = {Avanzini, Federico and Crosato, Paolo},
year = {2006},
pages = {24-35},
title = {Haptic-Auditory Rendering and Perception of Contact Stiffness},
volume = {4129},
journal = {Lecture Notes in Computer Science},
doi = {10.1007/11821731_3}
}

@misc{Grinstein:2002:IVV,
  author = {Georges Grinstein and Daniel Keim and Matthew Ward},
  title = {Information Visualization, Visual Data Mining, and Its Application to Drug Design},
  howpublished = {IEEE Visualization Course \#1 Notes},
  month = {October},
  year = {2002},
	url = {http://vis.computer.org/vis2002/program/tutorials/tutorial_01_abstract.html}
}

@Article{Isenberg:2017:VMC,
  author = {Petra Isenberg and Florian Heimerl and Steffen Koch and Tobias Isenberg and Panpan Xu and Chad Stolper and Michael Sedlmair and Jian Chen and Torsten M{\"o}ller and John Stasko},
	title = {{vispubdata.org: A Metadata Collection about {IEEE} Visualization ({VIS}) Publications}},
	journal = {IEEE Transactions on Visualization and Computer Graphics},
	year = {2017},
	volume = {23},
	OPTnumber = {},
	OPTmonth = {},
	OPTpages = {},
	doi = {https://doi.org/10.1109/TVCG.2016.2615308},
  OPTgooglescholarid = {},
	note = {To appear},
}

@mastersthesis{Kindlmann:1999:SAG,
  author = {Gordon Kindlmann},
  title = {Semi-Automatic Generation of Transfer Functions for Direct Volume Rendering},
  school = {Cornell University},
	address = {USA},
	url = {http://www.graphics.cornell.edu/pubs/1999/Kin99.html},
  year = 1999,
}

@manual{Kitware:2003,
  title = {The Visualization Toolkit User's Guide},
  organization = {Kitware, Inc.},
  year = {2003},
  month = {January},
	url = {http://www.kitware.com/publications/item/view/1269}
}

@phdthesis{Levoy:1989:DSV,
  author = {Marc Levoy},
  title = {Display of Surfaces from Volume Data},
  school = {University of North Carolina at Chapel Hill},
	address = {USA},
	url = {http://www.cs.unc.edu/techreports/89-022.pdf},
  year = {1989},
}

@article{Lorensen:1987:MCA,
 author = {Lorensen, William E. and Cline, Harvey E.},
 title = {Marching Cubes: A High Resolution {3D} Surface Construction Algorithm},
 journal = {SIGGRAPH Computer Graphics},
 volume = {21},
 number = {4},
 month = aug,
 year = {1987},
 pages = {163--169},
 doi = {10.1145/37402.37422},
}

@article{Max:1995:OMF,
 author = {Max, Nelson},
 title = {Optical Models for Direct Volume Rendering},
 journal = {IEEE Transactions on Visualization and Computer Graphics},
 volume = {1},
 number = {2},
 month = jun,
 year = {1995},
 pages = {99--108},
 doi = {10.1109/2945.468400},
} 

@inproceedings{Nielson:1991:TAD,
  author = {Gregory M. Nielson and Bernd Hamann},
  title = {The Asymptotic Decider: Removing the Ambiguity in Marching Cubes},
  year = {1991},
  booktitle = {Proc.\ Visualization},
  pages = {83--91},
  doi={10.1109/VISUAL.1991.175782},
	publisher = {IEEE Computer Society},
	address = {Los Alamitos},
}

@book{Ware:2004:IVP,
  author = {Colin Ware},
  title = {Information Visualization: Perception for Design},
  edition = {2\textsuperscript{nd}},
  year = 2004,
  publisher = {Morgan Kaufmann Publishers Inc.},
  address = {San Francisco},
	doi = {https://doi.org/10.1016/B978-155860819-1/50001-7}
}

@ARTICLE{Serafin:2016,
  author = {Serafin, Stefania and Erkut, Cumhur and Kojs, Juraj and Nilsson, Niels and  and Nordahl, Rolf},
  title = {Virtual Reality Musical Instruments: State of the Art, Design Principles, and Future Directions},
  journal = {Computer Music Journal},
  year = {2016}
}


@ARTICLE{Serafin:2017,
  author = {Serafin, Stefania and Nilsson, Niels and Erkut, Cumhur and Nordahl, Rolf},
  title = {Virtual Reality and the Senses - Whitepaper},
  journal = {Danish Sound Innovation Network},
  year = {2017}
}


@ARTICLE{Wyvill:1986:DSS,
  author = {Wyvill, Geoff and McPheeters, Craig and Wyvill, Brian},
  title = {Data Structure for \emph{soft} Objects},
  journal = {The Visual Computer},
  year = {1986},
  volume = {2},
  pages = {227--234},
  number = {4},
  month = aug,
  doi = {10.1007/BF01900346}
}

@article{Duyne1993, author={{Van Duyne}, S. and {Smith}, J. O.}, journal={Proceedings of IEEE Workshop on Applications of Signal Processing to Audio and Acoustics}, title={The 2-{D} digital waveguide mesh}, year={1993}, pages={177-180}
}
@unpublished{soundfiles,
    author    = "{S. Willemsen}",
    title     = "{Sound Files (MembraneOutputs.zip)}",
    note = {Available at \href{https://github.com/SilvinWillemsen/Membrane/blob/Paper/Sound_Files/MembraneOutputs.zip}{https://github.com/SilvinWillemsen/Membrane/blob/Paper/\allowbreak Sound\_Files/MembraneOutputs.zip}},
	year = {accessed April 26, 2020}}
}

@ARTICLE{Dahl:2004,
  author = {Dahl, Sofia},
  title = {Playing the Accent - Comparing Striking Velocity and Timing in an Ostinato Rhythm Performed by Four Drummers},
  journal = {Acta Acustica united with Acustica},
  volume = {90},
  pages = {762 - 776},
  year = {2004}
}

@book{Dahl:2018,
  title={Movements, Timing, and Precision of Drummers. In Handbook of Human Motion},
  author={Sofia Dahl},
  year={2018},
  publisher={Springer International Publishing},
  pages = {1839â€“1857}
}

@book{O'Mohdrain:2001,
  title={Playing by Feel: Incorporating Haptic Feedback into Computer-Based musical Instruments},
  author={Maura Sile O'Modhrain},
  year={2001},
  publisher={Ph.D. Dissertation, Stanford University}
}

@article{Liu:2008,
  author = {J. Liu and H. Ando},
  title = {Hearing how you touch: Real-time synthesis of contact sounds for multisensory interaction},
  journal = {Conference on Human System Interactions},
  location = {Krakow},
  pages = {275--280},
  year = {2008}

}
@article{Cao:2016,
  author = {Y. Cao and B. L. Giordano and F. Avanzini and S. McAdams},
  title = {The dominance of haptics over audition in controlling wrist velocity during striking movements},
  journal = {Experimental Brain Research},
  volume = {234},
  pages = {1145-â€“1158},
  year = {2016}

}

@inproceedings{Berdahl2007API,
  title={A Physically Intuitive Haptic Drumstick},
  author={Edgar Berdahl and Bill Verplank and Julius O. Smith and G{\"u}nter Niemeyer},
  booktitle={ICMC},
  year={2007}
}

@inproceedings{Berdahl2008PracticalHA,
  title={Practical Hardware and Algorithms for Creating Haptic Musical Instruments},
  author={Edgar Berdahl and Hans-Christoph Steiner and Collin Oldham},
  booktitle={NIME},
  year={2008}
}

@book{O'Modhrain:2018,
  title={Once More, with Feeling: Revisiting the Role of Touch in Performer-Instrument Interaction},
  author={Sile Oâ€™Modhrain and R. Brent Gillespie},
  booktitle={S. Papetti and C. Saitis (eds.),Musical Haptics, Springer Series on Touchand Haptic Systems},
  year={2018}
}