@IEEEtranBSTCTL{IEEEexample:BSTcontrol,
  CTLdash_repeated_names = "no"
}

@inproceedings{paper:A,
    author = {Silvin Willemsen and Nikolaj Andersson and Stefania Serafin and Stefan Bilbao},
    booktitle = {Proceedings of the 16th Sound and Music Computing (SMC) Conference},
    title = {Real-Time Control of Large-Scale Modular Physical Models using the Sensel Morph},
    pages = {275--280},
    year = {2019}
}

@inproceedings{paper:B,
    author = {Silvin Willemsen and Stefan Bilbao and Nikolaj Andersson and Stefania Serafin},
    booktitle = {Proceedings of the 16th Sound and Music Computing (SMC) Conference},
    title = {Physical Models and Real-Time Control with the Sensel Morph},
    pages = {95--96},
    year = {2019}
}

@inproceedings{paper:C,
    author = {Silvin Willemsen and Stefan Bilbao and Stefania Serafin},
    booktitle = {Proceedings of the 22nd International Conference on Digital Audio Effects (DAFx-19)},
    title = {Real-Time Implementation of an Elasto-Plastic Friction Model applied to Stiff Strings using Finite Difference Schemes},
    pages = {40--46},
    year = {2019}
}

@inproceedings{paper:D,
    author = {Silvin Willemsen and Stefania Serafin and Stefan Bilbao and Michele Ducceschi},
    booktitle = {Proceedings of the 17th Sound and Music Computing (SMC) Conference},
    title = {Real-time Implementation of a Physical Model of the Tromba Marina},
    pages = {161--168},
    year = {2020}
}

@inproceedings{paper:E,
    author = {Silvin Willemsen and Razvan Paisa and Stefania Serafin},
    booktitle = {Proceedings of the 17th Sound and Music Computing (SMC) Conference},
    title = {Resurrecting the Tromba Marina: A Bowed Virtual Reality Instrument using Haptic Feedback and Accurate Physical Modelling},
    pages = {300--307},
    year = {2020}
}

@inproceedings{paper:F,
    author = {Silvin Willemsen and Anca-Simona Horvath and Mauro Nascimben},
    booktitle = {Proceedings of the 17th Sound and Music Computing (SMC) Conference},
    title = {DigiDrum: A Haptic-based Virtual Reality Musical Instrument and a Case Study},
    pages = {292--299},
    year = {2020}
}

@inproceedings{paper:G,
  author          = {Silvin Willemsen and Stefan Bilbao and Michele Ducceschi and Stefania Serafin},
  title           = {Dynamic Grids for Finite-Difference Schemes in Musical Instrument Simulations},
  booktitle       = {Proceedings of the 23rd International Conference on Digital Audio Effects (DAFx2020in21)},
  year  = {2021}
}

@inproceedings{paper:H,
  author          = {Silvin Willemsen and Stefan Bilbao and Michele Ducceschi and Stefania Serafin},
  title           = {A Physical Model of the Trombone using Dynamic Grids for Finite-Difference Schemes},
  booktitle = {Proceedings of the 23rd International Conference on Digital Audio Effects (DAFx2020in21)},
  year  = {2021}
}