@BOOK{theBible,
  author = {Stefan Bilbao},
  publisher = {John Wiley \& Sons},
  title = {Numerical Sound Synthesis: Finite Difference Schemes and Simulation in Musical Acoustics},
  year = {2009}
}

@BOOKLET{Madsen2010,
  author = {Lars Madsen},
  title = {Introduktion til {LaTeX}},
  year = {2010},
  howpublished = {\url{http://www.imf.au.dk/system/latex/bog/}}
 }
 
@MISC{Oetiker2010,
  author = {Tobias Oetiker},
  title = {The Not So Short A Introduction to {LaTeX2e}},
  year = {2010},
  howpublished = {\url{http://tobi.oetiker.ch/lshort/lshort.pdf}}
 }
 
@BOOK{Mittelbach2005,
  author = {Frank Mittelbach},
  edition = {2. ed.},
  publisher = {Addison-Wesley},
  title = {The LATEX companion},
  year = 2005
}

@misc{Gomm2011,
    author = {J. Gomm},
    title = {Passionflower},
    url = {https://www.youtube.com/watch?v=nY7GnAq6Znw},
    year = {2011}
}

@misc{Glenn2014,
    author = {T. L. Glenn},
    title = {Amazing Hammered Dulcimer Musician - Joshua Messick},
    url = {https://youtu.be/veuGTnzgNRU?t=215},
    year = {2014}
}

@misc{Mayer2008,
    author = {J. Mayer},
    title = {{Gravity (Live in L.A.)}},
    url = {https://youtu.be/dBFW8OvciIU?t=284},
    year = {2008}
}

@article{Bilbao2019CMJa,
  title={Physical modeling, algorithms, and sound synthesis: The NESS project},
  author={Bilbao, Stefan and Desvages, Charlotte and Ducceschi, Michele and Hamilton, Brian and Harrison-Harsley, Reginald and Torin, Alberto and Webb, Craig},
  journal={Computer Music Journal},
  volume={43},
  number={2-3},
  pages={15--30},
  year={2019},
  publisher={MIT Press}
}

@article{Bilbao2019CMJb,
  title={Large-Scale Physical Modeling Synthesis, Parallel Computing, and Musical Experimentation: The NESS Project in Practice},
  author={Bilbao, Stefan and Perry, James and Graham, Paul and Gray, Alan and Kavoussanakis, Kostas and Delap, Gordon and Mudd, Tom and Sassoon, Gadi and Wishart, Trevor and Young, Samson},
  journal={Computer Music Journal},
  volume={43},
  number={2-3},
  pages={31--47},
  year={2019},
  publisher={MIT Press}
}

@article{Moore1965,
    author = {Gordon E. Moore},
    title =  {Cramming More Components onto Integrated Circuits},
    journal = {Electronics},
    pages = {114-–117},
    volume = {38},
    number = {8},
    year = {1965}
}

@book{Fletcher1998,
  title={The Physics of Musical Instruments},
  author={Fletcher, Neville H. and Rossing, Thomas D.},
  year={1998},
  publisher={Springer}
}

@article{Bensa2003,
    author = {Julien Bensa and Stefan Bilbao and Richard Kronland-Martinet and Julius Orion Smith},
    title =  {The simulation of piano string vibration: From physical models to Finite Difference Schemes and Digital Waveguides},
    journal = {Journal of the Acoustical Society of America (JASA)},
    pages = {1095--1107},
    volume = {114},
    number = {2},
    year = {2003}
}


@inproceedings{Bilbao2009,
  title={A Modular Percussion Synthesis Environment},
  author={Stefan Bilbao},
  year={2009},
  booktitle={Proceedings of the 12th International Conference on Digital Audio Effects (DAFx-09)}
}

@article{Desvages2016,
  title = {Two-Polarisation Physical Model of Bowed Strings with Nonlinear Contact and Friction Forces, and Application to Gesture-Based Sound Synthesis},
  author = {Charlotte Desvages and Stefan Bilbao},
  journal = {Applied Sciences},
  year = {2016},
  volume = {6},
  number = {5}
}

@phdthesis{Hamilton2016,
  author      = {Brian Hamilton},
  title       = {Finite Difference and Finite Volume Methods for Wave-based Modelling of Room Acoustics},
  school      = {The University of Edinburgh},
  year        = {2016}
}

@inproceedings{Bustamante2017,
  author          = {Felipe Ordu{\~n}a-Bustamente},
  title           = {Auralization in space and in rooms of arbitrary $D$ dimensions
},
  booktitle       = {Proceedings of the 14th Sound and Music Computing Conference},
  pages = {250--253},
  year            = {2017}
}

@inbook{Abramowitz1972,
  author         = {Ruth Zucker},
  editor         = {Milton Abramowitz and Irene A. Stegun},
  title          = {Handbook of Mathematical Functions with Formulas, Graphs, and Mathematical Tables},
  chapter        = {4: Elementary Transcendental Functions},
  pages          = {65--226},
  publisher      = {National Bureau of Standards Applied Mathematics Series 55},
  year           = {1972},
  note = {{Tenth Printing}}
}

@article{Courant1928,
  author          = {R. Courant and K. Friedrichs and H. Lewy},
  title           = {{\"U}ber die partiellen Differenzengleichungen de mathematischen Physik},
  journal         = {Mathematische Annalen},
  volume          = {100},
  pages           = {32--74},
  year            = {1928}
}

@phdthesis{Desvages2018,
  author      = {Charlotte G. M. Desvages},
  title       = {Physical Modelling of the Bowed String and Applications to Sound Synthesis},
  school      = {The University of Edinburgh},
  year        = {2018}
}

@inproceedings{Villeneuve2019,
  author          = {Jerome Villeneuve and James Leonard},
  title           = {Mass-Interaction Physical Models for Sound and Multi-Sensory Creation: Starting Anew},
  booktitle       = {Proceedings of the 16th Sound and Music Computing Conference},
  year            = {2019}
}

@article{Bilbao2009spring,
  author          = {Stefan Bilbao and Julian Parker},
  title           = {A Virtual Model of Spring Reverberation},
  journal         = {{IEEE} transactions on audio, speech, and language processing},
  volume          = {18},
  issue           = {4},
  year            = {2009},
  pages           = {799--808}
}

@book{Park2010,
  author         = {Tae Hong Park},
  title          = {Introduction To Digital Signal Processing: Computer Musically Speaking},
  publisher      = {World Scientific Publishing Co. Pte. Ltd},
  year           = {2010}
}

@book{Gustafsson2013,
  author         = {Bertil Gustafsson and Heinz-Otto Kreiss and Joseph Oliger},
  edition        = {Second},
  title          = {Time-Dependent Problems and Difference Methods},
  publisher      = {John Wiley \& Sons},
  year           = {2013}
}

@book{Strikwerda1989,
  author = {Strikwerda, John C.},
  publisher = {Wadsworth and Brooks/Cole Advanced Books and Software},
  title = {Finite Difference Schemes and Partial Differential Equations},
  address   = {Pacific Grove, California},
  year = {1989}
}

@article{Bilbao2018,
  author = {Stefan Bilbao and Brian Hamilton and Reginald L. Harrison and Alberto Torin},
  journal = {Springer handbook of systematic musicology},
  title = {Finite-difference schemes in musical acoustics: A tutorial.},
  pages = {349--384},
  year = {2018}
}

@MISC{Eigen,
  author = {Ga\"{e}l Guennebaud and Beno\^{i}t Jacob and others},
  title = {Eigen},
  url = {http://eigen.tuxfamily.org},
  year = {2021}
 }

@inproceedings{Bowden1939,
  author          = {F. P. Bowden and L. Leben},
  title           = {The nature of sliding and the analysis of friction},
  booktitle       = {Proceedings of the Royal Society of London},
  volume = {169},
  year            = {1939}
}

@article{Coulomb1773,
  author          = {C. A. Coulomb},
  title           = {Sur une application des r\`egles de maximis et minimis \`a quelques probl\`emes de statique, relatifs \`a l'architecture [{O}N MAXIMUMS AND MINIMUMS OF RULES TO SOME STATIC PROBLEMS RELATING TO ARCHITECTURE]},
  journal         = {M\'emoires de Mathematique de l'Acad\'emie Royale de Science},
  volume          = {7},
  pages = {343--382},
  year            = {1773}
}

@inproceedings{Morin1833,
  author          = {A.J. Morin},
  title           = {New friction experiments carried out at metz in 1831-1833},
  booktitle       = {Proceedings of the French Royal Academy of Sciences},
  year            = {1833},
  pages = {1--128}
}

@inproceedings{Reynolds1886,
  author          = {Osbourne Reynolds},
  title           = {On the theory of lubrication and its application to {Mr. Beauchamp} tower’s experiments, including an Experimental Determination of the Viscosity of Olive Oil},
  booktitle       = {Proceedings of the Royal Society of London},
  volume = {40},
  pages = {191--203},
  year            = {1886}
}

@article{Stribeck1902,
  author          = {R. Stribeck},
  title           = {Die wesentlichen Eigenschaften der Gleit- und Rollenlager [{T}he essential Properties of sliding and roller  bearings]},
  journal       = {Zeitschrift des Vereins Deutscher Ingenieure},
  volume = {46},
  number = {(38,39)}, 
  pages = {1342--48,1432--37},
  year            = {1902}
}

@inproceedings{Duyne1993,
  author          = {Scott A. van Duyne and Julius O. Smith},
  title           = {Physical Modeling with the 2-D Digital Waveguide Mesh},
  booktitle       = {ICMC Proceedings},
  year            = {1993}
}