@article{paper:Hjerrild2019,
    author = {Jacob M{\o}ller Hjerrild and Silvin Willemsen and Mads Gr{\ae}sb{\o}ll Christensen},
    journal = {IEEE Workshop on Applications of Signal Processing to Audio and Acoustics (WASPAA)},
    title = {Physical Models for Fast Estimation of Guitar String, Fret and Plucking Position},
    pages = {155--159},
    year = {2019}
}

@inproceedings{paper:Prawda2020DAFx,
    author = {Karolina Prawda and Silvin Willemsen and Stefania Serafin and Vesa V{\"a}lim{\"a}ki},
    booktitle = {Proceedings of the 23rd International Conference on Digital Audio Effects (DAFx-20)},
    title = {Flexible Real-Time Reverberation Synthesis with Accurate Parameter Control},
    year = {2020}
}

@article{paper:Ducceschi2021,
    author = {Michele Ducceschi and Stefan Bilbao and Silvin Willemsen and Stefania Serafin},
    journal = {Journal of the Acoustical Society of America (JASA)},
    title = {Linearly-Implicit Schemes for Collisions in Musical Acoustics based on Energy Quadratisation},
    year = {2021}
}
