@BOOK{Willemsen2019B,
  author = {Stefan Bilbao},
  publisher = {John Wiley \& Sons},
  title = {Numerical Sound Synthesis: Finite Difference Schemes and Simulation in Musical Acoustics},
  year = {2009}
}