% -----------------------------------------------------------------------
% File: smc2016template.bib
% -----------------------------------------------------------------------
% separate each line item with space, otherwise the reference will not be hyperlinked
% put the keyword "and" between authors to separate them.

@article{Chaigne92,
 author               = {A. Chaigne},
 journal              = {Journal d'Acoustique},
 number               = {2},
 pages                = {181--211},
 title                = {On the Use of Finite Differences for Musical Synthesis. {A}pplication to Plucked Stringed Instruments},
 volume               = {5},
 year                 = {1992},
 }
 @article{Chaigne,
 author               = {A. Chaigne and A. Askenfelt},
 journal              = {Journal of Acoustical Society of America},
 number               = {2},
 pages                = {1112--1118},
 title                = {Numerical Simulations of Struck Strings. {I}. {A} Physical Model for a Struck String Using Finite Difference Methods},
 volume               = {95},
 year                 = {1994},
 }
 
 @article{Bacon,
 author               = {R. Bacon and J. Bowsher},
 journal              = {Acustica},
 pages                = {21--27},
 title                = {A Discrete Model of a Struck String},
 volume               = {41},
 year                 = {1978},
 }
 
 @mastersthesis{Ruiz,
 author               = {P. Ruiz},
 school               = {University of Illinois},
 title                = {A Technique for Simulating the Vibrations of Strings with a Digital Computer},
 year                 = {1969},
 }
 
 @article{Hiller,
 author               = {L. Hiller and P. Ruiz},
 journal              = {Journal of the Audio Engineering Society},
 number               = {6},
 pages                = {462--470},
 title                = {Synthesizing Musical Sounds by Solving the Wave Equation for Vibrating Objects: {P}art {I}},
 volume               = {19},
 year                 = {1971},
 }

@article{Hiller2,
 author               = {L. Hiller and P. Ruiz},
 journal              = {Journal of the Audio Engineering Society},
 number               = {7},
 pages                = {542--550},
 title                = {Synthesizing Musical Sounds by Solving the Wave Equation for Vibrating Objects: {P}art {II}},
 volume               = {19},
 year                 = {1971},
 }

@misc{cadoz79,
 author               = {C. Cadoz},
 note                 = {Th{\`e}se de Docteur Ing{\'e}nieur, I.N.P.G. Grenoble, France},
 title                = {Synth{\`e}se sonore par simulation de m{\'e}canismes vibratoires},
 year                 = {1979},
 }

@article{Cadoz83,
 author               = {C. Cadoz and A. Luciani and J.-L. Florens},
 journal              = {Computer Music Journal},
 number               = {3},
 pages                = {60--73},
 title                = {Responsive Input Devices and Sound Synthesis by Simulation of Instrumental Mechanisms},
 volume               = {8},
 year                 = {1983},
 }
 
 @article{smith1992physical,
  title={Physical modeling using digital waveguides},
  author={Smith, Julius O},
  journal={Computer music journal},
  volume={16},
  number={4},
  pages={74--91},
  year={1992},
  publisher={JSTOR}
}

@book{franinovic2013sonic,
  title={Sonic interaction design},
  author={Franinovi{\'c}, Karmen and Serafin, Stefania},
  year={2013},
  publisher={Mit Press}
}

@book{bilbao2009numerical,
  title={Numerical sound synthesis: finite difference schemes and simulation in musical acoustics},
  author={Bilbao, Stefan},
  year={2009},
  publisher={John Wiley \& Sons}
}

@book{Fletcher1998,
  title={The Physics of Musical Instruments},
  author={Fletcher, Neville H. and Rossing, Thomas D.},
  year={1998},
  publisher={Springer}
}

@book{Wallis1685,
  title={A treatise of algebra, both historical and practical},
  author={Wallis, John},
  year={1685},
  publisher={London}
}


@article{morrison1993mosaic,
  title={Mosaic: A framework for modal synthesis},
  author={Morrison, Joseph Derek and Adrien, Jean-Marie},
  journal={Computer Music Journal},
  volume={17},
  number={1},
  pages={45--56},
  year={1993},
  publisher={JSTOR}
}

@article{hiller1971synthesizing,
  title={Synthesizing musical sounds by solving the wave equation for vibrating objects: Part 1},
  author={Hiller, Lejaren and Ruiz, Pierre},
  journal={Journal of the Audio Engineering Society},
  volume={19},
  number={6},
  pages={462--470},
  year={1971},
  publisher={Audio Engineering Society}
}

@article{cadoz1993cordis,
  title={CORDIS-ANIMA: a Modeling and simulation system for sound and image synthesis: the general formalism},
  author={Cadoz, Claude and Luciani, Annie and Florens, Jean Loup},
  journal={Computer music journal},
  volume={17},
  number={1},
  pages={19--29},
  year={1993},
  publisher={JSTOR}
}


@inproceedings{Bilbaosmc14 ,
  author = {S. Bilbao and A. Torin and P. Graham and J. Perry and G. Delap},
  title = {Modular Physical Modeling Synthesis on GPU},
  booktitle = {Proceedings of the 40th International Computer Music Conference and the 11th Sound and Music Computing Conference},
  year = {2013}
}

@online{sensel2018,
  author = {{Sensel Inc.}},
  title = {Sensel Morph},
  year = {2018},
  url = {https://sensel.com/}
}

@online{sitarTuning,
  author = {{Joe Rizzo}},
  title = {How to Tune a Sitar},
  year = {2015},
  url = {http://www.joerizzo.com/sitar/}
}

@online{video,
  author = {Willemsen, Silvin},
  title = {Hurdy Gurdy Demo},
  year = {2019},
  url = {https://www.youtube.com/watch?v=BkxLji2ap1w}
}

@online{JUCE2019,
  author = {{JUCE ROLI}},
  title = {{JUCE}},
  year = {2019},
  url = {https://juce.com/}
}

@book{Graff,
 address              = {New York, New York},
 author               = {K. Graff},
 publisher            = {Dover},
 title                = {Wave Motion in Elastic Solids},
 year                 = {1975},
 }
 

% Bilbao papers
@BOOK{Bilbao2009:NumericalSoundSynthesis,
    author = {Bilbao, Stefan},
    publisher = {John Wiley and Sons, Ltd},
    title = {Numerical Sound Synthesis, Finite Difference Schemes and Simulation in Musical Acoustics},
    year = {2009}
}

@article{Bilbao2009:ModularPercussion,
author = {Bilbao, Stefan},
isbn = {1742-7150},
journal = {Proc. of the 12th Int.  Conf. on Digital Audio Effects (DAFx-09)},
title = {{A modular percussion synthesis environment}},
year = {2009}
}

@article{Desvages16,
author = {C. Desvages and S. Bilbao},
journal = {Applied Sciences},
title = {Two-polarisation physical model of bowed strings with nonlinear contact and friction forces, and application to gesture-based sound synthesis},
year = {2016}
}

@article{Bilbao2018:Tutorial,
author = {Bilbao, Stefan and Hamilton, Brian and Harrison, R. and Torin, A},
isbn = {1742-7150},
journal = {Springer handbook of systematic musicology},
title = {Finite-difference schemes in musical acoustics: A tutorial.},
year = {2018}
}

@article{Webb2015,
author = {Webb, Craig and Bilbao, Stefan},
journal = {Proc. of the 18th Int. Conference on Digital Audio Effects (DAFx-15)},
title = {{On the limits of real-time physical modelling synthesis with a modular environment}},
year = {2015}
}